<record><leader>00000cas a2200000 a 4500</leader><controlfield tag="001">11586811</controlfield><controlfield tag="008">850116d18861888ksuwr ne      0   a0eng d</controlfield><datafield ind1=" " ind2=" " tag="010"><subfield code="a">sn 84030452 </subfield></datafield><datafield ind1=" " ind2=" " tag="040"><subfield code="a">KSH</subfield><subfield code="b">eng</subfield><subfield code="c">KSH</subfield><subfield code="d">NPT</subfield><subfield code="d">OCL</subfield><subfield code="d">OCLCQ</subfield></datafield><datafield ind1=" " ind2=" " tag="042"><subfield code="a">msc</subfield></datafield><datafield ind1="0" ind2=" " tag="130"><subfield code="a">Halstead herald (Halstead, Kan. : Weekly)</subfield></datafield><datafield ind1="1" ind2="4" tag="245"><subfield code="a">The Halstead herald.</subfield></datafield><datafield ind1=" " ind2=" " tag="260"><subfield code="a">Halstead, Kan. :</subfield><subfield code="b">J.M. Finch,</subfield><subfield code="c">-1888.</subfield></datafield><datafield ind1=" " ind2=" " tag="300"><subfield code="a">v. :</subfield><subfield code="b">ill. ;</subfield><subfield code="c">55-61 cm.</subfield></datafield><datafield ind1=" " ind2=" " tag="310"><subfield code="a">Weekly</subfield></datafield><datafield ind1="0" ind2=" " tag="362"><subfield code="a">-v. 2, no. 52 (Dec. 13, 1888).</subfield></datafield><datafield ind1="1" ind2=" " tag="362"><subfield code="a">Began in 1886.</subfield><subfield code="z">Cf. Ayer, 1887.</subfield></datafield><datafield ind1=" " ind2=" " tag="500"><subfield code="a">Published by: E.J. &amp; H.E. Swan, Sept. 15, 1887-Jan. 12, 1888; Herbert E. Swan, Jan. 19-Dec. 13, 1888.</subfield></datafield><datafield ind1=" " ind2=" " tag="580"><subfield code="a">Issued also in a daily edition called: Halstead herald (Halstead, Kan. : Daily), 1887.</subfield></datafield><datafield ind1=" " ind2=" " tag="588"><subfield code="a">Description based on: Vol. 1, no. 7 (Jan. 13, 1887).</subfield></datafield><datafield ind1=" " ind2=" " tag="752"><subfield code="a">United States</subfield><subfield code="b">Kansas</subfield><subfield code="c">Harvey</subfield><subfield code="d">Halstead.</subfield></datafield><datafield ind1="1" ind2=" " tag="775"><subfield code="t">Halstead herald (Halstead, Kan. : Daily)</subfield><subfield code="w">(DLC)sn 84030496</subfield></datafield><datafield ind1="0" ind2="4" tag="785"><subfield code="t">Halstead independent (Halstead, Kan. : 1881)</subfield><subfield code="w">(DLC)sn 84030453</subfield></datafield><datafield ind1="1" ind2=" " tag="029"><subfield code="a">AU@</subfield><subfield code="b">000020350890</subfield></datafield></record>